@online{JWT,
  title       = {JWT},
  url         = {https://jwt.io/},
  urldate     = {2024-02-16},
  author      = {JWT},
  language    = {english},
  hyphenation = {english}
},


@online{projectmanagement_stakeholder_analysis,
  title       = {Stakeholder Analysis: Using the Power-Interest Grid},
  url         = {https://www.projectmanagement.com/wikis/368897/stakeholder-analysis--using-the-power-interest-grid#_=_},
  urldate     = {2025-01-07},
  author      = {Projectmanagement.com},
  language    = {english},
  hyphenation = {english}
}

